<?xml version="1.0" encoding="UTF-8"?><collection xmlns="http://www.loc.gov/MARC21/slim"><record><leader>00311nam--2200121-i-4500</leader><controlfield tag="001">000006405</controlfield><controlfield tag="002">20161230</controlfield><controlfield tag="005">20170209235232</controlfield><controlfield tag="008">060222s1000------------r-----000-0-eng-d</controlfield><datafield ind1=" " ind2=" " tag="245"><subfield code="a">Danatom. Annual report. 1962</subfield></datafield><datafield ind1=" " ind2=" " tag="260"><subfield code="a">Copenhagen</subfield><subfield code="b">Danish Acad.Of Techn.Sci</subfield><subfield code="c">1963</subfield></datafield><datafield ind1=" " ind2=" " tag="300"><subfield code="a">7 p</subfield></datafield><datafield ind1=" " ind2=" " tag="CAT"><subfield code="a">SYS</subfield><subfield code="c">20170209</subfield><subfield code="h">235232</subfield></datafield></record></collection>